Product,date,Sales,Price Discount (%),In-Store Promo,Catalogue Promo,Store End Promo,Google_Mobility,Covid_Flag,V_DAY,EASTER,CHRISTMAS
SKU1,2/5/2017,27750,0%,0,0,0,0,0,0,0,0
SKU1,2/12/2017,29023,0%,1,0,1,0,0,1,0,0
SKU1,2/19/2017,45630,17%,0,0,0,0,0,0,0,0
SKU1,2/26/2017,26789,0%,1,0,1,0,0,0,0,0
SKU1,3/5/2017,41999,17%,0,0,0,0,0,0,0,0
SKU1,3/12/2017,29731,0%,0,0,0,0,0,0,0,0
SKU1,3/19/2017,27365,0%,1,0,0,0,0,0,0,0
SKU1,3/26/2017,27722,0%,1,0,1,0,0,0,0,0
SKU1,4/2/2017,44339,17%,1,0,0,0,0,0,0,0
SKU1,4/9/2017,54655,17%,1,0,0,0,0,0,1,0
SKU1,4/16/2017,108159,44%,0,0,0,0,0,0,0,0
SKU1,4/23/2017,30361,0%,1,0,1,0,0,0,0,0
SKU1,4/30/2017,42154,17%,1,0,1,0,0,0,0,0
SKU1,5/7/2017,39782,17%,0,0,0,0,0,0,0,0
SKU1,5/14/2017,29490,0%,0,0,0,0,0,0,0,0
SKU1,5/21/2017,25936,0%,0,0,0,0,0,0,0,0
SKU1,5/28/2017,26045,0%,0,0,0,0,0,0,0,0
SKU1,6/4/2017,25903,0%,1,0,1,0,0,0,0,0
SKU1,6/11/2017,43689,17%,0,0,0,0,0,0,0,0
SKU1,6/18/2017,25446,0%,1,0,1,0,0,0,0,0
SKU1,6/25/2017,42543,17%,0,0,0,0,0,0,0,0
SKU1,7/2/2017,27001,0%,1,0,1,0,0,0,0,0
SKU1,7/9/2017,45198,17%,0,0,0,0,0,0,0,0
SKU1,7/16/2017,28650,0%,1,0,1,0,0,0,0,0
SKU1,7/23/2017,42032,17%,0,0,0,0,0,0,0,0
SKU1,7/30/2017,27657,0%,0,0,0,0,0,0,0,0
SKU1,8/6/2017,26888,0%,1,0,1,0,0,0,0,0
SKU1,8/13/2017,46260,17%,0,0,0,0,0,0,0,0
SKU1,8/20/2017,29415,0%,1,0,1,0,0,0,0,0
SKU1,8/27/2017,50471,17%,1,0,1,0,0,0,0,0
SKU1,9/3/2017,49531,17%,0,0,0,0,0,0,0,0
SKU1,9/10/2017,30874,0%,0,1,1,0,0,0,0,0
SKU1,9/17/2017,82940,44%,0,0,0,0,0,0,0,0
SKU1,9/24/2017,34481,0%,1,0,1,0,0,0,0,0
SKU1,10/1/2017,96610,44%,0,0,0,0,0,0,0,0
SKU1,10/8/2017,31898,0%,0,0,0,0,0,0,0,0
SKU1,10/15/2017,33967,0%,0,0,0,0,0,0,0,0
SKU1,10/22/2017,33429,0%,0,0,0,0,0,0,0,0
SKU1,10/29/2017,34918,0%,1,0,0,0,0,0,0,0
SKU1,11/5/2017,104775,44%,1,0,0,0,0,0,0,0
SKU1,11/12/2017,57417,17%,1,0,0,0,0,0,0,0
SKU1,11/19/2017,60631,17%,1,0,0,0,0,0,0,0
SKU1,11/26/2017,64904,17%,1,0,0,0,0,0,0,0
SKU1,12/3/2017,66333,17%,1,0,0,0,0,0,0,1
SKU1,12/10/2017,71917,17%,1,0,0,0,0,0,0,0
SKU1,12/17/2017,94633,17%,1,0,0,0,0,0,0,0
SKU1,12/24/2017,155253,17%,1,0,0,0,0,0,0,0
SKU1,12/31/2017,89706,17%,0,0,0,0,0,0,0,0
SKU1,1/7/2018,41941,0%,0,0,0,0,0,0,0,0
SKU1,1/14/2018,37845,0%,0,0,0,0,0,0,0,0
SKU1,1/21/2018,43324,6%,1,0,1,0,0,0,0,0
SKU1,1/28/2018,65691,17%,0,0,0,0,0,0,0,0
SKU1,2/4/2018,35016,0%,0,0,0,0,0,0,0,0
SKU1,2/11/2018,33604,0%,1,0,1,0,0,1,0,0
SKU1,2/18/2018,55216,17%,0,0,0,0,0,0,0,0
SKU1,2/25/2018,33908,0%,1,0,1,0,0,0,0,0
SKU1,3/4/2018,51305,17%,0,1,0,0,0,0,0,0
SKU1,3/11/2018,91870,44%,1,0,0,0,0,0,0,0
SKU1,3/18/2018,51438,17%,1,0,0,0,0,0,0,0
SKU1,3/25/2018,54925,17%,1,0,0,0,0,0,0,0
SKU1,4/1/2018,79050,17%,0,0,0,0,0,0,0,0
SKU1,4/8/2018,35136,0%,0,0,0,0,0,0,1,0
SKU1,4/15/2018,34800,0%,1,0,1,0,0,0,0,0
SKU1,4/22/2018,56351,17%,0,0,0,0,0,0,0,0
SKU1,4/29/2018,34225,0%,1,0,1,0,0,0,0,0
SKU1,5/6/2018,49036,17%,1,0,1,0,0,0,0,0
SKU1,5/13/2018,52964,17%,0,0,0,0,0,0,0,0
SKU1,5/20/2018,34526,0%,0,0,0,0,0,0,0,0
SKU1,5/27/2018,33308,0%,1,0,1,0,0,0,0,0
SKU1,6/3/2018,49314,17%,0,1,1,0,0,0,0,0
SKU1,6/10/2018,84075,44%,0,0,0,0,0,0,0,0
SKU1,6/17/2018,32223,0%,0,0,0,0,0,0,0,0
SKU1,6/24/2018,32463,0%,1,0,1,0,0,0,0,0
SKU1,7/1/2018,51818,17%,0,0,0,0,0,0,0,0
SKU1,7/8/2018,35597,0%,0,0,0,0,0,0,0,0
SKU1,7/15/2018,35354,0%,0,0,0,0,0,0,0,0
SKU1,7/22/2018,35191,0%,0,0,0,0,0,0,0,0
SKU1,7/29/2018,33057,0%,0,0,0,0,0,0,0,0
SKU1,8/5/2018,32373,0%,0,0,0,0,0,0,0,0
SKU1,8/12/2018,31850,0%,0,0,0,0,0,0,0,0
SKU1,8/19/2018,31772,0%,0,0,0,0,0,0,0,0
SKU1,8/26/2018,29976,0%,1,0,0,0,0,0,0,0
SKU1,9/2/2018,52126,17%,1,0,0,0,0,0,0,0
SKU1,9/9/2018,48279,17%,0,1,0,0,0,0,0,0
SKU1,9/16/2018,86576,44%,1,0,0,0,0,0,0,0
SKU1,9/23/2018,49548,17%,1,0,0,0,0,0,0,0
SKU1,9/30/2018,67966,17%,0,0,0,0,0,0,0,0
SKU1,10/7/2018,33433,0%,0,0,0,0,0,0,0,0
SKU1,10/14/2018,31482,0%,0,0,0,0,0,0,0,0
SKU1,10/21/2018,32196,0%,0,0,0,0,0,0,0,0
SKU1,10/28/2018,32717,0%,0,1,1,0,0,0,0,0
SKU1,11/4/2018,97972,44%,1,0,1,0,0,0,0,0
SKU1,11/11/2018,51495,17%,1,0,1,0,0,0,0,0
SKU1,11/18/2018,52048,17%,0,1,1,0,0,0,0,0
SKU1,11/25/2018,52532,17%,1,0,1,0,0,0,0,0
SKU1,12/2/2018,59037,17%,0,1,1,0,0,0,0,1
SKU1,12/9/2018,109917,44%,0,1,1,0,0,0,0,0
SKU1,12/16/2018,80431,28%,0,1,1,0,0,0,0,0
SKU1,12/23/2018,174994,28%,1,0,1,0,0,0,0,0
SKU1,12/30/2018,96211,28%,0,0,0,0,0,0,0,0
SKU1,1/6/2019,40420,0%,0,0,0,0,0,0,0,0
SKU1,1/13/2019,34603,0%,1,0,1,0,0,0,0,0
SKU1,1/20/2019,48759,17%,1,0,1,0,0,0,0,0
SKU1,1/27/2019,58215,17%,0,0,0,0,0,0,0,0
SKU1,2/3/2019,30561,0%,0,0,0,0,0,0,0,0
SKU1,2/10/2019,29867,0%,1,0,1,0,0,1,0,0
SKU1,2/17/2019,48001,17%,0,0,0,0,0,0,0,0
SKU1,2/24/2019,30016,0%,0,0,0,0,0,0,0,0
SKU1,3/3/2019,30502,0%,0,0,0,0,0,0,0,0
SKU1,3/10/2019,32103,0%,0,0,0,0,0,0,0,0
SKU1,3/17/2019,29664,0%,0,0,0,0,0,0,0,0
SKU1,3/24/2019,28997,0%,1,0,0,0,0,0,0,0
SKU1,3/31/2019,52930,17%,1,0,0,0,0,0,0,0
SKU1,4/7/2019,55859,17%,1,0,0,0,0,0,1,0
SKU1,4/14/2019,59375,17%,0,1,0,0,0,0,0,0
SKU1,4/21/2019,119393,44%,0,0,0,0,0,0,0,0
SKU1,4/28/2019,31741,0%,1,0,1,0,0,0,0,0
SKU1,5/5/2019,43820,17%,1,0,1,0,0,0,0,0
SKU1,5/12/2019,46628,17%,0,0,0,0,0,0,0,0
SKU1,5/19/2019,28457,0%,1,0,1,0,0,0,0,0
SKU1,5/26/2019,40402,17%,0,0,0,0,0,0,0,0
SKU1,6/2/2019,28521,0%,0,1,0,0,0,0,0,0
SKU1,6/9/2019,85108,44%,1,0,1,0,0,0,0,0
SKU1,6/16/2019,44596,17%,0,0,0,0,0,0,0,0
SKU1,6/23/2019,30099,0%,1,0,1,0,0,0,0,0
SKU1,6/30/2019,46193,17%,0,0,0,0,0,0,0,0
SKU1,7/7/2019,31093,0%,0,0,0,0,0,0,0,0
SKU1,7/14/2019,31099,0%,0,0,0,0,0,0,0,0
SKU1,7/21/2019,31866,0%,0,0,0,0,0,0,0,0
SKU1,7/28/2019,31386,0%,0,0,0,0,0,0,0,0
SKU1,8/4/2019,29985,0%,0,0,0,0,0,0,0,0
SKU1,8/11/2019,31628,0%,0,0,0,0,0,0,0,0
SKU1,8/18/2019,33665,0%,0,0,0,0,0,0,0,0
SKU1,8/25/2019,34550,0%,0,0,0,0,0,0,0,0
SKU1,9/1/2019,36320,0%,1,0,0,0,0,0,0,0
SKU1,9/8/2019,55431,17%,1,0,0,0,0,0,0,0
SKU1,9/15/2019,57446,17%,0,1,0,0,0,0,0,0
SKU1,9/22/2019,58872,17%,1,0,0,0,0,0,0,0
SKU1,9/29/2019,69480,17%,0,1,0,0,0,0,0,0
SKU1,10/6/2019,106885,44%,0,0,0,0,0,0,0,0
SKU1,10/13/2019,36072,0%,0,0,0,0,0,0,0,0
SKU1,10/20/2019,37454,0%,0,0,0,0,0,0,0,0
SKU1,10/27/2019,37663,0%,1,0,1,0,0,0,0,0
SKU1,11/3/2019,60365,17%,1,0,0,0,0,0,0,0
SKU1,11/10/2019,67770,17%,1,0,0,0,0,0,0,0
SKU1,11/17/2019,70327,17%,1,0,0,0,0,0,0,0
SKU1,11/24/2019,72587,17%,1,0,0,0,0,0,0,0
SKU1,12/1/2019,73956,17%,0,1,0,0,0,0,0,1
SKU1,12/8/2019,82558,17%,1,0,0,0,0,0,0,0
SKU1,12/15/2019,85762,17%,0,1,0,0,0,0,0,0
SKU1,12/22/2019,258874,44%,0,1,1,0,0,0,0,0
SKU1,12/29/2019,124261,44%,0,1,1,0,0,0,0,0
SKU1,1/5/2020,41141,13%,1,0,0,0,0,0,0,0
SKU1,1/12/2020,34303,4%,1,0,0,0,0,0,0,0
SKU1,1/19/2020,47058,17%,1,0,0,0,0,0,0,0
SKU1,1/26/2020,58185,17%,0,0,0,0,0,0,0,0
SKU1,2/2/2020,30020,1%,0,0,0,0,0,0,0,0
SKU1,2/9/2020,29239,1%,1,0,1,2.36,1,0,0,0
SKU1,2/16/2020,45572,17%,0,0,0,3.3,1,1,0,0
SKU1,2/23/2020,29275,1%,0,0,0,3.9,1,0,0,0
SKU1,3/1/2020,35684,1%,0,0,0,3.81,1,0,0,0
SKU1,3/8/2020,36955,1%,0,0,0,3.01,1,0,0,0
SKU1,3/15/2020,56886,1%,0,0,0,0.26,1,0,0,0
SKU1,3/22/2020,77842,0%,0,0,0,-15.7,1,0,0,0
SKU1,3/29/2020,43707,1%,0,0,0,-26.63,1,0,0,0
SKU1,4/5/2020,39473,1%,0,1,0,-28.49,1,0,0,0
SKU1,4/12/2020,64685,17%,0,0,0,-27.3,1,0,1,0
SKU1,4/19/2020,39290,2%,1,0,1,-24.28,1,0,0,0
SKU1,4/26/2020,46829,17%,0,0,0,-22.58,1,0,0,0
SKU1,5/3/2020,29536,1%,0,0,0,-18.18,1,0,0,0
SKU1,5/10/2020,31836,1%,0,0,0,-15.91,1,0,0,0
SKU1,5/17/2020,31406,1%,0,0,0,-15.27,1,0,0,0
SKU1,5/24/2020,71971,45%,0,0,0,-13.24,1,0,0,0
SKU1,5/31/2020,29177,3%,0,0,0,-10.86,1,0,0,0
SKU1,6/7/2020,30877,1%,0,0,0,-10.13,1,0,0,0
SKU1,6/14/2020,26244,1%,0,0,0,-8.68,1,0,0,0
SKU1,6/21/2020,25445,1%,0,0,0,-8.57,1,0,0,0
SKU1,6/28/2020,26410,1%,0,0,0,-7.5,1,0,0,0
SKU1,7/5/2020,26925,1%,0,0,0,-8.04,1,0,0,0
SKU1,7/12/2020,26973,1%,0,0,0,-9.36,1,0,0,0
SKU1,7/19/2020,25749,1%,0,0,0,-8.77,1,0,0,0
SKU1,7/26/2020,23891,1%,0,0,0,-9.93,1,0,0,0
SKU1,8/2/2020,25792,1%,0,0,0,-11.65,1,0,0,0
SKU1,8/9/2020,24543,1%,0,0,0,-13.23,1,0,0,0
SKU1,8/16/2020,23744,1%,0,0,0,-20.35,1,0,0,0
SKU1,8/23/2020,23606,1%,0,0,0,-19.41,1,0,0,0
SKU1,8/30/2020,24346,1%,1,0,0,-18.83,1,0,0,0
SKU1,9/6/2020,51946,17%,1,0,0,-16.44,1,0,0,0
SKU1,9/13/2020,83565,44%,1,0,0,-7.28,1,0,0,0
SKU1,9/20/2020,50780,18%,1,0,0,-9.87,1,0,0,0
SKU1,9/27/2020,50644,17%,1,0,0,-7.79,1,0,0,0
SKU1,10/4/2020,55980,17%,1,0,0,-9.73,1,0,0,0
SKU1,10/11/2020,44587,17%,1,0,0,-7.39,1,0,0,0
SKU1,10/18/2020,43976,17%,1,0,0,-7.56,1,0,0,0
SKU1,10/25/2020,49593,17%,0,0,0,-8.39,1,0,0,0
SKU1,11/1/2020,33267,1%,1,0,1,-7.43,1,0,0,0
SKU1,11/8/2020,50159,17%,1,0,1,-5.95,1,0,0,0
SKU1,11/15/2020,51369,17%,1,0,1,-7.2,1,0,0,0
SKU1,11/22/2020,0,12%,1,0,1,-5.96,1,0,0,0
SKU1,11/29/2020,0,16%,1,0,1,-5.3,1,0,0,0
SKU1,12/6/2020,0,15%,1,0,1,-4.38,1,0,0,0
SKU1,12/13/2020,0,14%,1,0,1,-4.74,1,0,0,0
SKU1,12/20/2020,0,15%,1,0,1,-10.27,1,0,0,1
SKU1,12/27/2020,0,15%,1,0,0,-6.95,1,0,0,0
SKU2,2/5/2017,7180,25%,1,0,0,0,0,0,0,0
SKU2,2/12/2017,7080,25%,0,0,0,0,0,1,0,0
SKU2,2/19/2017,2753,0%,0,0,0,0,0,0,0,0
SKU2,2/26/2017,3062,0%,1,0,0,0,0,0,0,0
SKU2,3/5/2017,8342,25%,0,0,0,0,0,0,0,0
SKU2,3/12/2017,3124,0%,0,1,0,0,0,0,0,0
SKU2,3/19/2017,41915,50%,0,0,0,0,0,0,0,0
SKU2,3/26/2017,3226,3%,1,0,0,0,0,0,0,0
SKU2,4/2/2017,7618,25%,0,0,0,0,0,0,0,0
SKU2,4/9/2017,3084,3%,0,0,0,0,0,0,1,0
SKU2,4/16/2017,2463,0%,1,0,0,0,0,0,0,0
SKU2,4/23/2017,6547,25%,0,1,0,0,0,0,0,0
SKU2,4/30/2017,8290,25%,0,0,0,0,0,0,0,0
SKU2,5/7/2017,3390,0%,0,0,0,0,0,0,0,0
SKU2,5/14/2017,3450,0%,0,1,0,0,0,0,0,0
SKU2,5/21/2017,52122,50%,1,0,0,0,0,0,0,0
SKU2,5/28/2017,7256,28%,0,0,0,0,0,0,0,0
SKU2,6/4/2017,3081,0%,0,1,1,0,0,0,0,0
SKU2,6/11/2017,8604,25%,0,0,0,0,0,0,0,0
SKU2,6/18/2017,3232,0%,0,1,0,0,0,0,0,0
SKU2,6/25/2017,33566,50%,0,0,0,0,0,0,0,0
SKU2,7/2/2017,3232,5%,0,0,0,0,0,0,0,0
SKU2,7/9/2017,2560,0%,1,0,0,0,0,0,0,0
SKU2,7/16/2017,8489,25%,0,0,0,0,0,0,0,0
SKU2,7/23/2017,2990,0%,0,1,0,0,0,0,0,0
SKU2,7/30/2017,7956,25%,0,0,0,0,0,0,0,0
SKU2,8/6/2017,3071,0%,0,0,0,0,0,0,0,0
SKU2,8/13/2017,3098,0%,0,0,0,0,0,0,0,0
SKU2,8/20/2017,3078,0%,1,0,0,0,0,0,0,0
SKU2,8/27/2017,8376,25%,0,0,0,0,0,0,0,0
SKU2,9/3/2017,2626,0%,0,0,0,0,0,0,0,0
SKU2,9/10/2017,2617,0%,0,0,0,0,0,0,0,0
SKU2,9/17/2017,2572,0%,1,0,0,0,0,0,0,0
SKU2,9/24/2017,6877,25%,0,0,0,0,0,0,0,0
SKU2,10/1/2017,2242,0%,1,0,0,0,0,0,0,0
SKU2,10/8/2017,7041,25%,0,0,0,0,0,0,0,0
SKU2,10/15/2017,2523,3%,1,0,0,0,0,0,0,0
SKU2,10/22/2017,6905,25%,0,1,1,0,0,0,0,0
SKU2,10/29/2017,40527,50%,0,0,0,0,0,0,0,0
SKU2,11/5/2017,2636,3%,1,0,0,0,0,0,0,0
SKU2,11/12/2017,6184,25%,0,0,0,0,0,0,0,0
SKU2,11/19/2017,2521,0%,0,0,0,0,0,0,0,0
SKU2,11/26/2017,2380,0%,1,0,0,0,0,0,0,0
SKU2,12/3/2017,6270,25%,1,0,0,0,0,0,0,1
SKU2,12/10/2017,5278,25%,0,0,0,0,0,0,0,0
SKU2,12/17/2017,2007,3%,0,0,0,0,0,0,0,0
SKU2,12/24/2017,1453,0%,1,0,0,0,0,0,0,0
SKU2,12/31/2017,4940,25%,0,0,0,0,0,0,0,0
SKU2,1/7/2018,2156,3%,0,0,0,0,0,0,0,0
SKU2,1/14/2018,2305,3%,0,1,0,0,0,0,0,0
SKU2,1/21/2018,6406,25%,0,0,0,0,0,0,0,0
SKU2,1/28/2018,2267,0%,0,0,0,0,0,0,0,0
SKU2,2/4/2018,2583,0%,0,1,1,0,0,0,0,0
SKU2,2/11/2018,32549,50%,1,0,0,0,0,1,0,0
SKU2,2/18/2018,6613,28%,0,0,0,0,0,0,0,0
SKU2,2/25/2018,2620,0%,0,0,0,0,0,0,0,0
SKU2,3/4/2018,2805,0%,0,0,0,0,0,0,0,0
SKU2,3/11/2018,3069,0%,1,0,0,0,0,0,0,0
SKU2,3/18/2018,8464,25%,0,0,0,0,0,0,0,0
SKU2,3/25/2018,3318,0%,0,0,0,0,0,0,0,0
SKU2,4/1/2018,2651,0%,0,1,0,0,0,0,0,0
SKU2,4/8/2018,17970,50%,1,0,0,0,0,0,1,0
SKU2,4/15/2018,7697,25%,0,0,0,0,0,0,0,0
SKU2,4/22/2018,2867,0%,0,1,0,0,0,0,0,0
SKU2,4/29/2018,6534,25%,0,0,0,0,0,0,0,0
SKU2,5/6/2018,3679,3%,0,1,0,0,0,0,0,0
SKU2,5/13/2018,41316,50%,1,0,0,0,0,0,0,0
SKU2,5/20/2018,8430,28%,0,1,0,0,0,0,0,0
SKU2,5/27/2018,8539,25%,0,1,1,0,0,0,0,0
SKU2,6/3/2018,8834,25%,0,0,0,0,0,0,0,0
SKU2,6/10/2018,2930,0%,0,0,0,0,0,0,0,0
SKU2,6/17/2018,3420,0%,0,1,1,0,0,0,0,0
SKU2,6/24/2018,42002,50%,1,0,0,0,0,0,0,0
SKU2,7/1/2018,8320,25%,0,0,0,0,0,0,0,0
SKU2,7/8/2018,3387,0%,1,0,0,0,0,0,0,0
SKU2,7/15/2018,9878,25%,0,0,0,0,0,0,0,0
SKU2,7/22/2018,3468,0%,1,0,0,0,0,0,0,0
SKU2,7/29/2018,9613,25%,0,0,0,0,0,0,0,0
SKU2,8/5/2018,3901,0%,1,0,0,0,0,0,0,0
SKU2,8/12/2018,8664,25%,0,0,0,0,0,0,0,0
SKU2,8/19/2018,3395,0%,1,0,0,0,0,0,0,0
SKU2,8/26/2018,9024,25%,0,0,0,0,0,0,0,0
SKU2,9/2/2018,3725,3%,0,0,0,0,0,0,0,0
SKU2,9/9/2018,3139,3%,0,0,0,0,0,0,0,0
SKU2,9/16/2018,3126,0%,1,0,0,0,0,0,0,0
SKU2,9/23/2018,9301,25%,0,0,0,0,0,0,0,0
SKU2,9/30/2018,3053,3%,0,1,0,0,0,0,0,0
SKU2,10/7/2018,32900,50%,1,0,0,0,0,0,0,0
SKU2,10/14/2018,7386,25%,0,0,0,0,0,0,0,0
SKU2,10/21/2018,2990,0%,0,0,0,0,0,0,0,0
SKU2,10/28/2018,3269,0%,0,0,0,0,0,0,0,0
SKU2,11/4/2018,3304,0%,0,0,0,0,0,0,0,0
SKU2,11/11/2018,2825,0%,1,0,0,0,0,0,0,0
SKU2,11/18/2018,7680,25%,0,0,0,0,0,0,0,0
SKU2,11/25/2018,2747,3%,0,0,0,0,0,0,0,0
SKU2,12/2/2018,2781,0%,1,0,0,0,0,0,0,1
SKU2,12/9/2018,7022,25%,0,0,0,0,0,0,0,0
SKU2,12/16/2018,2609,0%,0,0,0,0,0,0,0,0
SKU2,12/23/2018,1976,3%,0,0,0,0,0,0,0,0
SKU2,12/30/2018,2027,0%,0,0,0,0,0,0,0,0
SKU2,1/6/2019,2642,0%,0,0,0,0,0,0,0,0
SKU2,1/13/2019,2808,0%,0,1,0,0,0,0,0,0
SKU2,1/20/2019,8978,25%,1,0,0,0,0,0,0,0
SKU2,1/27/2019,6950,25%,0,0,0,0,0,0,0,0
SKU2,2/3/2019,3019,0%,0,0,0,0,0,0,0,0
SKU2,2/10/2019,2837,0%,0,0,0,0,0,1,0,0
SKU2,2/17/2019,3055,0%,0,1,0,0,0,0,0,0
SKU2,2/24/2019,23327,50%,1,0,0,0,0,0,0,0
SKU2,3/3/2019,7084,25%,1,0,0,0,0,0,0,0
SKU2,3/10/2019,6714,25%,0,0,0,0,0,0,0,0
SKU2,3/17/2019,2744,0%,0,0,0,0,0,0,0,0
SKU2,3/24/2019,2900,0%,0,1,0,0,0,0,0,0
SKU2,3/31/2019,7817,25%,0,0,0,0,0,0,0,0
SKU2,4/7/2019,2749,3%,1,0,0,0,0,0,1,0
SKU2,4/14/2019,10895,25%,0,0,0,0,0,0,0,0
SKU2,4/21/2019,2178,0%,1,0,0,0,0,0,0,0
SKU2,4/28/2019,6349,25%,0,0,0,0,0,0,0,0
SKU2,5/5/2019,2628,0%,0,1,0,0,0,0,0,0
SKU2,5/12/2019,36674,50%,1,0,0,0,0,0,0,0
SKU2,5/19/2019,6838,28%,0,0,0,0,0,0,0,0
SKU2,5/26/2019,2598,0%,0,1,0,0,0,0,0,0
SKU2,6/2/2019,6743,25%,0,0,0,0,0,0,0,0
SKU2,6/9/2019,2423,0%,0,0,0,0,0,0,0,0
SKU2,6/16/2019,2779,0%,0,1,0,0,0,0,0,0
SKU2,6/23/2019,37065,50%,1,0,0,0,0,0,0,0
SKU2,6/30/2019,5908,28%,0,0,0,0,0,0,0,0
SKU2,7/7/2019,2349,0%,0,0,0,0,0,0,0,0
SKU2,7/14/2019,2569,0%,1,0,0,0,0,0,0,0
SKU2,7/21/2019,7718,25%,0,0,0,0,0,0,0,0
SKU2,7/28/2019,2867,0%,1,0,0,0,0,0,0,0
SKU2,8/4/2019,8486,25%,0,0,0,0,0,0,0,0
SKU2,8/11/2019,3004,0%,1,0,1,0,0,0,0,0
SKU2,8/18/2019,9897,25%,0,0,0,0,0,0,0,0
SKU2,8/25/2019,2580,0%,0,0,0,0,0,0,0,0
SKU2,9/1/2019,2743,0%,1,0,0,0,0,0,0,0
SKU2,9/8/2019,7933,25%,1,0,0,0,0,0,0,0
SKU2,9/15/2019,2748,3%,1,0,0,0,0,0,0,0
SKU2,9/22/2019,7533,25%,1,0,0,0,0,0,0,0
SKU2,9/29/2019,6829,25%,1,0,0,0,0,0,0,0
SKU2,10/6/2019,2461,0%,0,1,1,0,0,0,0,0
SKU2,10/13/2019,40111,50%,1,0,0,0,0,0,0,0
SKU2,10/20/2019,7766,25%,1,0,0,0,0,0,0,0
SKU2,10/27/2019,7209,25%,0,0,0,0,0,0,0,0
SKU2,11/3/2019,2585,0%,0,0,0,0,0,0,0,0
SKU2,11/10/2019,2907,0%,0,0,0,0,0,0,0,0
SKU2,11/17/2019,3026,0%,0,1,1,0,0,0,0,0
SKU2,11/24/2019,39870,50%,1,0,0,0,0,0,0,0
SKU2,12/1/2019,7690,25%,1,0,0,0,0,0,0,1
SKU2,12/8/2019,7215,25%,0,0,0,0,0,0,0,0
SKU2,12/15/2019,2339,3%,0,0,0,0,0,0,0,0
SKU2,12/22/2019,2178,0%,0,0,0,0,0,0,0,0
SKU2,12/29/2019,1714,0%,0,0,0,0,0,0,0,0
SKU2,1/5/2020,2506,1%,0,0,0,0,0,0,0,0
SKU2,1/12/2020,2870,1%,1,0,0,0,0,0,0,0
SKU2,1/19/2020,7374,25%,0,1,0,0,0,0,0,0
SKU2,1/26/2020,30409,50%,1,0,0,0,0,0,0,0
SKU2,2/2/2020,5152,15%,1,0,0,0,0,0,0,0
SKU2,2/9/2020,6993,25%,0,0,0,2.36,1,0,0,0
SKU2,2/16/2020,2857,1%,1,0,0,3.3,1,1,0,0
SKU2,2/23/2020,9823,26%,1,0,0,3.9,1,0,0,0
SKU2,3/1/2020,9807,26%,0,0,0,3.81,1,0,0,0
SKU2,3/8/2020,3759,1%,0,0,0,3.01,1,0,0,0
SKU2,3/15/2020,5999,1%,0,0,0,0.26,1,0,0,0
SKU2,3/22/2020,5403,0%,0,0,0,-15.7,1,0,0,0
SKU2,3/29/2020,4258,1%,0,0,0,-26.63,1,0,0,0
SKU2,4/5/2020,3719,1%,0,0,0,-28.49,1,0,0,0
SKU2,4/12/2020,2914,1%,0,0,0,-27.3,1,0,1,0
SKU2,4/19/2020,3275,1%,0,0,0,-24.28,1,0,0,0
SKU2,4/26/2020,3251,1%,0,0,0,-22.58,1,0,0,0
SKU2,5/3/2020,3189,1%,0,0,0,-18.18,1,0,0,0
SKU2,5/10/2020,3298,1%,0,0,0,-15.91,1,0,0,0
SKU2,5/17/2020,3411,1%,0,0,0,-15.27,1,0,0,0
SKU2,5/24/2020,3424,1%,0,0,0,-13.24,1,0,0,0
SKU2,5/31/2020,3416,1%,0,0,0,-10.86,1,0,0,0
SKU2,6/7/2020,3181,1%,0,0,0,-10.13,1,0,0,0
SKU2,6/14/2020,3339,1%,0,0,0,-8.68,1,0,0,0
SKU2,6/21/2020,3425,1%,0,0,0,-8.57,1,0,0,0
SKU2,6/28/2020,3279,1%,0,0,0,-7.5,1,0,0,0
SKU2,7/5/2020,3267,2%,0,0,0,-8.04,1,0,0,0
SKU2,7/12/2020,3154,1%,1,0,0,-9.36,1,0,0,0
SKU2,7/19/2020,8340,26%,0,0,0,-8.77,1,0,0,0
SKU2,7/26/2020,3076,2%,1,0,0,-9.93,1,0,0,0
SKU2,8/2/2020,7732,26%,0,0,0,-11.65,1,0,0,0
SKU2,8/9/2020,3210,2%,1,0,0,-13.23,1,0,0,0
SKU2,8/16/2020,34327,50%,1,0,0,-20.35,1,0,0,0
SKU2,8/23/2020,7910,27%,0,0,0,-19.41,1,0,0,0
SKU2,8/30/2020,3170,2%,1,0,0,-18.83,1,0,0,0
SKU2,9/6/2020,8152,26%,0,0,0,-16.44,1,0,0,0
SKU2,9/13/2020,3081,2%,0,0,0,-7.28,1,0,0,0
SKU2,9/20/2020,3322,1%,1,0,0,-9.87,1,0,0,0
SKU2,9/27/2020,8123,25%,0,0,0,-7.79,1,0,0,0
SKU2,10/4/2020,3160,2%,0,1,1,-9.73,1,0,0,0
SKU2,10/11/2020,40169,50%,1,0,0,-7.39,1,0,0,0
SKU2,10/18/2020,8102,27%,1,0,0,-7.56,1,0,0,0
SKU2,10/25/2020,8143,26%,0,0,0,-8.39,1,0,0,0
SKU2,11/1/2020,3062,2%,1,0,0,-7.43,1,0,0,0
SKU2,11/8/2020,22460,50%,0,0,0,-5.95,1,0,0,0
SKU2,11/15/2020,3464,5%,1,0,0,-7.2,1,0,0,0
SKU2,11/22/2020,0,27%,1,0,0,-5.96,1,0,0,0
SKU2,11/29/2020,0,23%,1,0,0,-5.3,1,0,0,0
SKU2,12/6/2020,0,22%,0,0,0,-4.38,1,0,0,0
SKU2,12/13/2020,0,22%,0,0,0,-4.74,1,0,0,0
SKU2,12/20/2020,0,25%,0,0,0,-10.27,1,0,0,1
SKU2,12/27/2020,0,21%,0,0,0,-6.95,1,0,0,0
SKU3,2/5/2017,39767,30%,0,1,1,0,0,0,0,0
SKU3,2/12/2017,49090,30%,1,0,0,0,0,1,0,0
SKU3,2/19/2017,41044,30%,1,0,1,0,0,0,0,0
SKU3,2/26/2017,53637,30%,0,0,0,0,0,0,0,0
SKU3,3/5/2017,13568,0%,0,1,0,0,0,0,0,0
SKU3,3/12/2017,48230,30%,1,0,0,0,0,0,0,0
SKU3,3/19/2017,47632,30%,1,0,0,0,0,0,0,0
SKU3,3/26/2017,52458,30%,1,0,0,0,0,0,0,0
SKU3,4/2/2017,48624,30%,0,1,0,0,0,0,0,0
SKU3,4/9/2017,58678,30%,1,0,0,0,0,0,1,0
SKU3,4/16/2017,31180,20%,0,1,0,0,0,0,0,0
SKU3,4/23/2017,39918,30%,1,0,0,0,0,0,0,0
SKU3,4/30/2017,28519,20%,0,1,1,0,0,0,0,0
SKU3,5/7/2017,212245,50%,1,0,0,0,0,0,0,0
SKU3,5/14/2017,46634,30%,0,0,0,0,0,0,0,0
SKU3,5/21/2017,15816,0%,1,0,0,0,0,0,0,0
SKU3,5/28/2017,50615,30%,1,0,1,0,0,0,0,0
SKU3,6/4/2017,55744,30%,0,1,1,0,0,0,0,0
SKU3,6/11/2017,248373,50%,1,0,1,0,0,0,0,0
SKU3,6/18/2017,56218,30%,0,1,1,0,0,0,0,0
SKU3,6/25/2017,88330,40%,1,0,1,0,0,0,0,0
SKU3,7/2/2017,21719,2%,0,1,1,0,0,0,0,0
SKU3,7/9/2017,66602,30%,1,0,1,0,0,0,0,0
SKU3,7/16/2017,37996,20%,1,0,1,0,0,0,0,0
SKU3,7/23/2017,60173,30%,1,0,1,0,0,0,0,0
SKU3,7/30/2017,18827,0%,1,0,0,0,0,0,0,0
SKU3,8/6/2017,52917,30%,1,0,1,0,0,0,0,0
SKU3,8/13/2017,19315,0%,1,0,1,0,0,0,0,0
SKU3,8/20/2017,57361,30%,0,1,1,0,0,0,0,0
SKU3,8/27/2017,236242,50%,1,0,1,0,0,0,0,0
SKU3,9/3/2017,55091,30%,1,0,1,0,0,0,0,0
SKU3,9/10/2017,64818,30%,1,0,1,0,0,0,0,0
SKU3,9/17/2017,63731,40%,0,1,1,0,0,0,0,0
SKU3,9/24/2017,72851,40%,1,0,1,0,0,0,0,0
SKU3,10/1/2017,18797,2%,1,0,1,0,0,0,0,0
SKU3,10/8/2017,52132,30%,1,0,1,0,0,0,0,0
SKU3,10/15/2017,31259,20%,0,1,1,0,0,0,0,0
SKU3,10/22/2017,49891,30%,1,0,1,0,0,0,0,0
SKU3,10/29/2017,16354,2%,0,1,1,0,0,0,0,0
SKU3,11/5/2017,212947,50%,1,0,1,0,0,0,0,0
SKU3,11/12/2017,47367,30%,1,0,1,0,0,0,0,0
SKU3,11/19/2017,29788,20%,1,0,1,0,0,0,0,0
SKU3,11/26/2017,43078,30%,0,1,1,0,0,0,0,0
SKU3,12/3/2017,62176,40%,1,0,1,0,0,0,0,1
SKU3,12/10/2017,15098,0%,1,0,1,0,0,0,0,0
SKU3,12/17/2017,46362,30%,1,0,0,0,0,0,0,0
SKU3,12/24/2017,40244,30%,1,0,1,0,0,0,0,0
SKU3,12/31/2017,10970,0%,1,0,0,0,0,0,0,0
SKU3,1/7/2018,57707,40%,1,0,1,0,0,0,0,0
SKU3,1/14/2018,13001,2%,0,1,0,0,0,0,0,0
SKU3,1/21/2018,60844,40%,1,0,1,0,0,0,0,0
SKU3,1/28/2018,14766,0%,1,0,0,0,0,0,0,0
SKU3,2/4/2018,66821,40%,1,0,1,0,0,0,0,0
SKU3,2/11/2018,14822,0%,0,1,1,0,0,1,0,0
SKU3,2/18/2018,65917,40%,1,0,0,0,0,0,0,0
SKU3,2/25/2018,72768,40%,1,0,1,0,0,0,0,0
SKU3,3/4/2018,15242,0%,0,1,0,0,0,0,0,0
SKU3,3/11/2018,77546,40%,1,0,1,0,0,0,0,0
SKU3,3/18/2018,15914,0%,0,1,0,0,0,0,0,0
SKU3,3/25/2018,81070,40%,1,0,1,0,0,0,0,0
SKU3,4/1/2018,16298,2%,1,0,0,0,0,0,0,0
SKU3,4/8/2018,63779,40%,1,0,1,0,0,0,1,0
SKU3,4/15/2018,15593,0%,1,0,0,0,0,0,0,0
SKU3,4/22/2018,91541,40%,1,0,1,0,0,0,0,0
SKU3,4/29/2018,41716,20%,0,1,0,0,0,0,0,0
SKU3,5/6/2018,85960,40%,1,0,0,0,0,0,0,0
SKU3,5/13/2018,73443,40%,1,0,1,0,0,0,0,0
SKU3,5/20/2018,81236,40%,1,0,1,0,0,0,0,0
SKU3,5/27/2018,20184,0%,1,0,1,0,0,0,0,0
SKU3,6/3/2018,43483,20%,0,1,1,0,0,0,0,0
SKU3,6/10/2018,288322,50%,1,0,1,0,0,0,0,0
SKU3,6/17/2018,44670,22%,1,0,1,0,0,0,0,0
SKU3,6/24/2018,83798,40%,1,0,1,0,0,0,0,0
SKU3,7/1/2018,45241,20%,0,1,1,0,0,0,0,0
SKU3,7/8/2018,98300,40%,1,0,1,0,0,0,0,0
SKU3,7/15/2018,24771,0%,0,1,0,0,0,0,0,0
SKU3,7/22/2018,77644,40%,1,0,1,0,0,0,0,0
SKU3,7/29/2018,21768,0%,1,0,0,0,0,0,0,0
SKU3,8/5/2018,43217,20%,1,0,1,0,0,0,0,0
SKU3,8/12/2018,21318,0%,0,1,1,0,0,0,0,0
SKU3,8/19/2018,94025,40%,1,0,1,0,0,0,0,0
SKU3,8/26/2018,19395,0%,1,0,0,0,0,0,0,0
SKU3,9/2/2018,84724,40%,1,0,1,0,0,0,0,0
SKU3,9/9/2018,17903,0%,1,0,0,0,0,0,0,0
SKU3,9/16/2018,83294,40%,1,0,1,0,0,0,0,0
SKU3,9/23/2018,69874,40%,0,1,1,0,0,0,0,0
SKU3,9/30/2018,237462,50%,1,0,1,0,0,0,0,0
SKU3,10/7/2018,19806,4%,0,1,0,0,0,0,0,0
SKU3,10/14/2018,94028,40%,1,0,1,0,0,0,0,0
SKU3,10/21/2018,17859,0%,0,1,1,0,0,0,0,0
SKU3,10/28/2018,73225,40%,1,0,1,0,0,0,0,0
SKU3,11/4/2018,16559,0%,0,1,0,0,0,0,0,0
SKU3,11/11/2018,86341,40%,1,0,1,0,0,0,0,0
SKU3,11/18/2018,18175,2%,0,1,0,0,0,0,0,0
SKU3,11/25/2018,85834,40%,1,0,1,0,0,0,0,0
SKU3,12/2/2018,16673,2%,1,0,1,0,0,0,0,1
SKU3,12/9/2018,80303,40%,1,0,1,0,0,0,0,0
SKU3,12/16/2018,16228,2%,1,0,1,0,0,0,0,0
SKU3,12/23/2018,15567,0%,1,0,0,0,0,0,0,0
SKU3,12/30/2018,19818,20%,0,1,0,0,0,0,0,0
SKU3,1/6/2019,65120,42%,1,0,1,0,0,0,0,0
SKU3,1/13/2019,13910,0%,0,1,0,0,0,0,0,0
SKU3,1/20/2019,72688,40%,1,0,1,0,0,0,0,0
SKU3,1/27/2019,15378,0%,0,1,0,0,0,0,0,0
SKU3,2/3/2019,77331,40%,1,0,1,0,0,0,0,0
SKU3,2/10/2019,16284,3%,1,0,1,0,0,1,0,0
SKU3,2/17/2019,195088,50%,1,0,1,0,0,0,0,0
SKU3,2/24/2019,66726,40%,0,1,1,0,0,0,0,0
SKU3,3/3/2019,70897,40%,1,0,1,0,0,0,0,0
SKU3,3/10/2019,18959,7%,0,1,1,0,0,0,0,0
SKU3,3/17/2019,84789,40%,1,0,1,0,0,0,0,0
SKU3,3/24/2019,23297,22%,0,1,0,0,0,0,0,0
SKU3,3/31/2019,74574,40%,1,0,1,0,0,0,0,0
SKU3,4/7/2019,20603,23%,0,1,0,0,0,0,1,0
SKU3,4/14/2019,82925,45%,1,0,1,0,0,0,0,0
SKU3,4/21/2019,16258,9%,0,1,1,0,0,0,0,0
SKU3,4/28/2019,60819,40%,1,0,1,0,0,0,0,0
SKU3,5/5/2019,14847,21%,0,1,0,0,0,0,0,0
SKU3,5/12/2019,73917,43%,1,0,1,0,0,0,0,0
SKU3,5/19/2019,30770,38%,0,1,0,0,0,0,0,0
SKU3,5/26/2019,65796,49%,1,0,0,0,0,0,0,0
SKU3,6/2/2019,19708,30%,0,1,0,0,0,0,0,0
SKU3,6/9/2019,197503,55%,1,0,0,0,0,0,0,0
SKU3,6/16/2019,40396,43%,0,1,0,0,0,0,0,0
SKU3,6/23/2019,75058,45%,1,0,1,0,0,0,0,0
SKU3,6/30/2019,34350,35%,1,0,1,0,0,0,0,0
SKU3,7/7/2019,63367,41%,1,0,1,0,0,0,0,0
SKU3,7/14/2019,19698,33%,0,1,0,0,0,0,0,0
SKU3,7/21/2019,82028,48%,1,0,1,0,0,0,0,0
SKU3,7/28/2019,18589,33%,0,1,1,0,0,0,0,0
SKU3,8/4/2019,75642,51%,1,0,1,0,0,0,0,0
SKU3,8/11/2019,20287,33%,0,1,1,0,0,0,0,0
SKU3,8/18/2019,224723,52%,1,0,1,0,0,0,0,0
SKU3,8/25/2019,36190,22%,0,1,0,0,0,0,0,0
SKU3,9/1/2019,78848,51%,1,0,1,0,0,0,0,0
SKU3,9/8/2019,18947,33%,1,0,0,0,0,0,0,0
SKU3,9/15/2019,75687,45%,1,0,1,0,0,0,0,0
SKU3,9/22/2019,22404,34%,0,1,1,0,0,0,0,0
SKU3,9/29/2019,207356,54%,1,0,1,0,0,0,0,0
SKU3,10/6/2019,37198,32%,0,1,1,0,0,0,0,0
SKU3,10/13/2019,83295,22%,1,0,1,0,0,0,0,0
SKU3,10/20/2019,18549,4%,0,1,0,0,0,0,0,0
SKU3,10/27/2019,77885,23%,1,0,1,0,0,0,0,0
SKU3,11/3/2019,16769,4%,0,1,1,0,0,0,0,0
SKU3,11/10/2019,182891,49%,1,0,1,0,0,0,0,0
SKU3,11/17/2019,30944,14%,0,1,0,0,0,0,0,0
SKU3,11/24/2019,74345,22%,1,0,1,0,0,0,0,0
SKU3,12/1/2019,16864,4%,0,1,1,0,0,0,0,1
SKU3,12/8/2019,72108,35%,1,0,1,0,0,0,0,0
SKU3,12/15/2019,29325,20%,1,0,1,0,0,0,0,0
SKU3,12/22/2019,33126,13%,1,0,0,0,0,0,0,0
SKU3,12/29/2019,17979,20%,0,1,0,0,0,0,0,0
SKU3,1/5/2020,50536,50%,1,0,1,0,0,0,0,0
SKU3,1/12/2020,13672,36%,0,1,0,0,0,0,0,0
SKU3,1/19/2020,59700,80%,1,0,1,0,0,0,0,0
SKU3,1/26/2020,14278,67%,0,1,1,0,0,0,0,0
SKU3,2/2/2020,56120,80%,1,0,1,0,0,0,0,0
SKU3,2/9/2020,15286,67%,0,1,1,2.36,1,0,0,0
SKU3,2/16/2020,187548,51%,1,0,1,3.3,1,1,0,0
SKU3,2/23/2020,31172,74%,0,1,0,3.9,1,0,0,0
SKU3,3/1/2020,76759,80%,1,0,1,3.81,1,0,0,0
SKU3,3/8/2020,16311,67%,0,1,0,3.01,1,0,0,0
SKU3,3/15/2020,102770,48%,1,0,1,0.26,1,0,0,0
SKU3,3/22/2020,24862,67%,0,0,0,-15.7,1,0,0,0
SKU3,3/29/2020,33476,67%,1,0,1,-26.63,1,0,0,0
SKU3,4/5/2020,29350,67%,0,1,0,-28.49,1,0,0,0
SKU3,4/12/2020,97959,80%,1,0,0,-27.3,1,0,1,0
SKU3,4/19/2020,19116,68%,0,1,1,-24.28,1,0,0,0
SKU3,4/26/2020,64671,77%,1,0,0,-22.58,1,0,0,0
SKU3,5/3/2020,22217,67%,0,0,0,-18.18,1,0,0,0
SKU3,5/10/2020,78949,80%,0,0,0,-15.91,1,0,0,0
SKU3,5/17/2020,19161,67%,0,0,0,-15.27,1,0,0,0
SKU3,5/24/2020,66290,80%,0,0,0,-13.24,1,0,0,0
SKU3,5/31/2020,19726,67%,1,0,1,-10.86,1,0,0,0
SKU3,6/7/2020,75510,80%,1,0,1,-10.13,1,0,0,0
SKU3,6/14/2020,20278,67%,1,0,1,-8.68,1,0,0,0
SKU3,6/21/2020,79090,80%,1,0,1,-8.57,1,0,0,0
SKU3,6/28/2020,23331,67%,1,0,0,-7.5,1,0,0,0
SKU3,7/5/2020,63430,77%,1,0,1,-8.04,1,0,0,0
SKU3,7/12/2020,20478,67%,0,1,1,-9.36,1,0,0,0
SKU3,7/19/2020,184365,83%,1,0,0,-8.77,1,0,0,0
SKU3,7/26/2020,33301,71%,1,0,0,-9.93,1,0,0,0
SKU3,8/2/2020,60530,77%,1,0,0,-11.65,1,0,0,0
SKU3,8/9/2020,21666,67%,1,0,1,-13.23,1,0,0,0
SKU3,8/16/2020,189965,83%,1,0,1,-20.35,1,0,0,0
SKU3,8/23/2020,51798,77%,1,0,1,-19.41,1,0,0,0
SKU3,8/30/2020,51884,77%,1,0,1,-18.83,1,0,0,0
SKU3,9/6/2020,21108,67%,0,1,0,-16.44,1,0,0,0
SKU3,9/13/2020,57867,77%,1,0,1,-7.28,1,0,0,0
SKU3,9/20/2020,19186,67%,1,0,1,-9.87,1,0,0,0
SKU3,9/27/2020,59997,77%,1,0,1,-7.79,1,0,0,0
SKU3,10/4/2020,52970,77%,0,1,1,-9.73,1,0,0,0
SKU3,10/11/2020,54751,77%,1,0,1,-7.39,1,0,0,0
SKU3,10/18/2020,17625,67%,0,1,0,-7.56,1,0,0,0
SKU3,10/25/2020,60638,77%,1,0,1,-8.39,1,0,0,0
SKU3,11/1/2020,15003,67%,1,0,1,-7.43,1,0,0,0
SKU3,11/8/2020,42459,77%,1,0,0,-5.95,1,0,0,0
SKU3,11/15/2020,13668,67%,0,1,1,-7.2,1,0,0,0
SKU3,11/22/2020,0,83%,1,0,0,-5.96,1,0,0,0
SKU3,11/29/2020,0,73%,0,1,0,-5.3,1,0,0,0
SKU3,12/6/2020,0,74%,1,0,0,-4.38,1,0,0,0
SKU3,12/13/2020,0,74%,0,1,0,-4.74,1,0,0,0
SKU3,12/20/2020,0,75%,0,1,0,-10.27,1,0,0,1
SKU3,12/27/2020,0,74%,1,0,1,-6.95,1,0,0,0
SKU4,2/5/2017,12835,30%,0,1,1,0,0,0,0,0
SKU4,2/12/2017,15705,30%,1,0,0,0,0,1,0,0
SKU4,2/19/2017,13382,30%,1,0,1,0,0,0,0,0
SKU4,2/26/2017,15709,30%,0,0,0,0,0,0,0,0
SKU4,3/5/2017,3729,0%,0,1,0,0,0,0,0,0
SKU4,3/12/2017,15061,30%,1,0,0,0,0,0,0,0
SKU4,3/19/2017,15759,30%,1,0,0,0,0,0,0,0
SKU4,3/26/2017,15479,30%,1,0,0,0,0,0,0,0
SKU4,4/2/2017,16003,30%,0,1,0,0,0,0,0,0
SKU4,4/9/2017,19455,30%,1,0,0,0,0,0,1,0
SKU4,4/16/2017,9445,20%,0,1,0,0,0,0,0,0
SKU4,4/23/2017,12697,30%,1,0,0,0,0,0,0,0
SKU4,4/30/2017,8735,20%,0,1,1,0,0,0,0,0
SKU4,5/7/2017,65464,50%,1,0,0,0,0,0,0,0
SKU4,5/14/2017,14559,32%,0,0,0,0,0,0,0,0
SKU4,5/21/2017,4400,2%,1,0,0,0,0,0,0,0
SKU4,5/28/2017,16004,30%,1,0,1,0,0,0,0,0
SKU4,6/4/2017,15932,30%,0,1,1,0,0,0,0,0
SKU4,6/11/2017,63256,50%,1,0,1,0,0,0,0,0
SKU4,6/18/2017,16824,32%,0,1,1,0,0,0,0,0
SKU4,6/25/2017,26316,40%,1,0,1,0,0,0,0,0
SKU4,7/2/2017,5426,2%,0,1,1,0,0,0,0,0
SKU4,7/9/2017,19411,30%,1,0,1,0,0,0,0,0
SKU4,7/16/2017,11807,20%,1,0,1,0,0,0,0,0
SKU4,7/23/2017,21089,30%,1,0,1,0,0,0,0,0
SKU4,7/30/2017,5487,0%,1,0,0,0,0,0,0,0
SKU4,8/6/2017,17564,30%,1,0,1,0,0,0,0,0
SKU4,8/13/2017,5497,0%,1,0,1,0,0,0,0,0
SKU4,8/20/2017,18434,30%,0,1,1,0,0,0,0,0
SKU4,8/27/2017,75377,50%,1,0,1,0,0,0,0,0
SKU4,9/3/2017,16756,32%,1,0,1,0,0,0,0,0
SKU4,9/10/2017,17340,30%,1,0,1,0,0,0,0,0
SKU4,9/17/2017,20945,40%,0,1,1,0,0,0,0,0
SKU4,9/24/2017,24469,40%,1,0,1,0,0,0,0,0
SKU4,10/1/2017,5640,2%,1,0,1,0,0,0,0,0
SKU4,10/8/2017,16773,30%,1,0,1,0,0,0,0,0
SKU4,10/15/2017,10420,20%,0,1,1,0,0,0,0,0
SKU4,10/22/2017,16777,30%,1,0,1,0,0,0,0,0
SKU4,10/29/2017,4725,2%,0,1,1,0,0,0,0,0
SKU4,11/5/2017,69467,50%,1,0,1,0,0,0,0,0
SKU4,11/12/2017,15498,32%,1,0,1,0,0,0,0,0
SKU4,11/19/2017,8994,20%,1,0,1,0,0,0,0,0
SKU4,11/26/2017,14023,30%,0,1,1,0,0,0,0,0
SKU4,12/3/2017,20914,40%,1,0,1,0,0,0,0,1
SKU4,12/10/2017,4248,0%,1,0,1,0,0,0,0,0
SKU4,12/17/2017,13159,30%,1,0,0,0,0,0,0,0
SKU4,12/24/2017,10487,30%,1,0,1,0,0,0,0,0
SKU4,12/31/2017,2960,0%,1,0,0,0,0,0,0,0
SKU4,1/7/2018,18647,40%,1,0,1,0,0,0,0,0
SKU4,1/14/2018,3583,2%,0,1,0,0,0,0,0,0
SKU4,1/21/2018,19773,40%,1,0,1,0,0,0,0,0
SKU4,1/28/2018,4057,0%,1,0,0,0,0,0,0,0
SKU4,2/4/2018,21229,40%,1,0,1,0,0,0,0,0
SKU4,2/11/2018,4306,0%,0,1,1,0,0,1,0,0
SKU4,2/18/2018,21451,40%,1,0,0,0,0,0,0,0
SKU4,2/25/2018,22091,40%,1,0,1,0,0,0,0,0
SKU4,3/4/2018,4422,2%,0,1,0,0,0,0,0,0
SKU4,3/11/2018,24597,40%,1,0,1,0,0,0,0,0
SKU4,3/18/2018,4604,2%,0,1,0,0,0,0,0,0
SKU4,3/25/2018,25200,40%,1,0,1,0,0,0,0,0
SKU4,4/1/2018,4140,2%,1,0,0,0,0,0,0,0
SKU4,4/8/2018,19161,40%,1,0,1,0,0,0,1,0
SKU4,4/15/2018,3754,2%,1,0,0,0,0,0,0,0
SKU4,4/22/2018,24056,40%,1,0,1,0,0,0,0,0
SKU4,4/29/2018,10289,20%,0,1,0,0,0,0,0,0
SKU4,5/6/2018,25115,40%,1,0,0,0,0,0,0,0
SKU4,5/13/2018,24208,40%,1,0,1,0,0,0,0,0
SKU4,5/20/2018,24612,40%,1,0,1,0,0,0,0,0
SKU4,5/27/2018,4970,2%,1,0,1,0,0,0,0,0
SKU4,6/3/2018,12454,20%,0,1,1,0,0,0,0,0
SKU4,6/10/2018,72261,50%,1,0,1,0,0,0,0,0
SKU4,6/17/2018,12202,22%,1,0,1,0,0,0,0,0
SKU4,6/24/2018,24918,40%,1,0,1,0,0,0,0,0
SKU4,7/1/2018,12293,20%,0,1,1,0,0,0,0,0
SKU4,7/8/2018,28282,40%,1,0,1,0,0,0,0,0
SKU4,7/15/2018,6117,0%,0,1,0,0,0,0,0,0
SKU4,7/22/2018,20461,40%,1,0,1,0,0,0,0,0
SKU4,7/29/2018,5392,2%,1,0,0,0,0,0,0,0
SKU4,8/5/2018,12400,20%,1,0,1,0,0,0,0,0
SKU4,8/12/2018,5043,2%,0,1,1,0,0,0,0,0
SKU4,8/19/2018,25732,40%,1,0,1,0,0,0,0,0
SKU4,8/26/2018,5086,2%,1,0,0,0,0,0,0,0
SKU4,9/2/2018,23667,40%,1,0,1,0,0,0,0,0
SKU4,9/9/2018,4753,2%,1,0,0,0,0,0,0,0
SKU4,9/16/2018,22977,40%,1,0,1,0,0,0,0,0
SKU4,9/23/2018,20826,40%,0,1,1,0,0,0,0,0
SKU4,9/30/2018,66114,50%,1,0,1,0,0,0,0,0
SKU4,10/7/2018,5293,10%,0,1,0,0,0,0,0,0
SKU4,10/14/2018,25266,40%,1,0,1,0,0,0,0,0
SKU4,10/21/2018,4596,2%,0,1,1,0,0,0,0,0
SKU4,10/28/2018,22940,40%,1,0,1,0,0,0,0,0
SKU4,11/4/2018,4039,2%,0,1,0,0,0,0,0,0
SKU4,11/11/2018,22262,40%,1,0,1,0,0,0,0,0
SKU4,11/18/2018,4081,2%,0,1,0,0,0,0,0,0
SKU4,11/25/2018,23852,40%,1,0,1,0,0,0,0,0
SKU4,12/2/2018,3719,2%,1,0,1,0,0,0,0,1
SKU4,12/9/2018,19795,40%,1,0,1,0,0,0,0,0
SKU4,12/16/2018,3759,2%,1,0,1,0,0,0,0,0
SKU4,12/23/2018,3332,0%,1,0,0,0,0,0,0,0
SKU4,12/30/2018,5042,20%,0,1,0,0,0,0,0,0
SKU4,1/6/2019,16712,42%,1,0,1,0,0,0,0,0
SKU4,1/13/2019,3133,2%,0,1,0,0,0,0,0,0
SKU4,1/20/2019,17667,40%,1,0,1,0,0,0,0,0
SKU4,1/27/2019,3308,2%,0,1,0,0,0,0,0,0
SKU4,2/3/2019,19564,40%,1,0,1,0,0,0,0,0
SKU4,2/10/2019,3789,3%,1,0,1,0,0,1,0,0
SKU4,2/17/2019,63842,50%,1,0,1,0,0,0,0,0
SKU4,2/24/2019,19642,40%,0,1,1,0,0,0,0,0
SKU4,3/3/2019,22114,40%,1,0,1,0,0,0,0,0
SKU4,3/10/2019,5266,8%,0,1,1,0,0,0,0,0
SKU4,3/17/2019,27690,40%,1,0,1,0,0,0,0,0
SKU4,3/24/2019,7666,24%,0,1,0,0,0,0,0,0
SKU4,3/31/2019,23530,40%,1,0,1,0,0,0,0,0
SKU4,4/7/2019,6276,23%,0,1,0,0,0,0,1,0
SKU4,4/14/2019,25614,45%,1,0,1,0,0,0,0,0
SKU4,4/21/2019,4240,7%,0,1,1,0,0,0,0,0
SKU4,4/28/2019,18035,40%,1,0,1,0,0,0,0,0
SKU4,5/5/2019,4415,22%,0,1,0,0,0,0,0,0
SKU4,5/12/2019,20849,42%,1,0,1,0,0,0,0,0
SKU4,5/19/2019,9098,38%,0,1,0,0,0,0,0,0
SKU4,5/26/2019,17578,48%,1,0,0,0,0,0,0,0
SKU4,6/2/2019,5012,36%,0,1,0,0,0,0,0,0
SKU4,6/9/2019,59637,54%,1,0,0,0,0,0,0,0
SKU4,6/16/2019,11764,43%,0,1,0,0,0,0,0,0
SKU4,6/23/2019,19576,47%,1,0,1,0,0,0,0,0
SKU4,6/30/2019,9155,38%,1,0,1,0,0,0,0,0
SKU4,7/7/2019,17401,45%,1,0,1,0,0,0,0,0
SKU4,7/14/2019,4844,32%,0,1,0,0,0,0,0,0
SKU4,7/21/2019,22481,46%,1,0,1,0,0,0,0,0
SKU4,7/28/2019,4825,22%,0,1,1,0,0,0,0,0
SKU4,8/4/2019,21721,47%,1,0,1,0,0,0,0,0
SKU4,8/11/2019,5374,25%,0,1,1,0,0,0,0,0
SKU4,8/18/2019,64115,55%,1,0,1,0,0,0,0,0
SKU4,8/25/2019,9409,42%,0,1,0,0,0,0,0,0
SKU4,9/1/2019,19481,48%,1,0,1,0,0,0,0,0
SKU4,9/8/2019,4385,34%,1,0,0,0,0,0,0,0
SKU4,9/15/2019,17385,38%,1,0,1,0,0,0,0,0
SKU4,9/22/2019,5100,34%,0,1,1,0,0,0,0,0
SKU4,9/29/2019,56430,49%,1,0,1,0,0,0,0,0
SKU4,10/6/2019,9544,42%,0,1,1,0,0,0,0,0
SKU4,10/13/2019,21822,37%,1,0,1,0,0,0,0,0
SKU4,10/20/2019,4550,20%,0,1,0,0,0,0,0,0
SKU4,10/27/2019,21013,53%,1,0,1,0,0,0,0,0
SKU4,11/3/2019,4254,34%,0,1,1,0,0,0,0,0
SKU4,11/10/2019,54996,43%,1,0,1,0,0,0,0,0
SKU4,11/17/2019,8645,24%,0,1,0,0,0,0,0,0
SKU4,11/24/2019,19749,22%,1,0,1,0,0,0,0,0
SKU4,12/1/2019,4056,8%,0,1,1,0,0,0,0,1
SKU4,12/8/2019,20011,32%,1,0,1,0,0,0,0,0
SKU4,12/15/2019,8178,12%,1,0,1,0,0,0,0,0
SKU4,12/22/2019,9285,20%,1,0,0,0,0,0,0,0
SKU4,12/29/2019,5153,20%,0,1,0,0,0,0,0,0
SKU4,1/5/2020,16152,22%,1,0,1,0,0,0,0,0
SKU4,1/12/2020,3792,5%,0,1,0,0,0,0,0,0
SKU4,1/19/2020,19561,70%,1,0,1,0,0,0,0,0
SKU4,1/26/2020,3721,51%,0,1,1,0,0,0,0,0
SKU4,2/2/2020,18078,37%,1,0,1,0,0,0,0,0
SKU4,2/9/2020,4218,51%,0,1,1,2.36,1,0,0,0
SKU4,2/16/2020,58091,27%,1,0,1,3.3,1,1,0,0
SKU4,2/23/2020,8486,62%,0,1,0,3.9,1,0,0,0
SKU4,3/1/2020,21180,51%,1,0,1,3.81,1,0,0,0
SKU4,3/8/2020,4306,51%,0,1,0,3.01,1,0,0,0
SKU4,3/15/2020,32133,70%,1,0,1,0.26,1,0,0,0
SKU4,3/22/2020,6538,51%,0,0,0,-15.7,1,0,0,0
SKU4,3/29/2020,9592,50%,1,0,1,-26.63,1,0,0,0
SKU4,4/5/2020,8224,50%,0,1,0,-28.49,1,0,0,0
SKU4,4/12/2020,26823,70%,1,0,0,-27.3,1,0,1,0
SKU4,4/19/2020,5342,52%,0,1,1,-24.28,1,0,0,0
SKU4,4/26/2020,20558,65%,1,0,0,-22.58,1,0,0,0
SKU4,5/3/2020,6665,51%,0,0,0,-18.18,1,0,0,0
SKU4,5/10/2020,26698,70%,0,0,0,-15.91,1,0,0,0
SKU4,5/17/2020,6215,52%,0,0,0,-15.27,1,0,0,0
SKU4,5/24/2020,23484,70%,0,0,0,-13.24,1,0,0,0
SKU4,5/31/2020,6262,51%,1,0,1,-10.86,1,0,0,0
SKU4,6/7/2020,27221,70%,1,0,1,-10.13,1,0,0,0
SKU4,6/14/2020,6878,51%,1,0,1,-8.68,1,0,0,0
SKU4,6/21/2020,29993,70%,1,0,1,-8.57,1,0,0,0
SKU4,6/28/2020,7661,51%,1,0,0,-7.5,1,0,0,0
SKU4,7/5/2020,24787,66%,1,0,1,-8.04,1,0,0,0
SKU4,7/12/2020,7403,51%,0,1,1,-9.36,1,0,0,0
SKU4,7/19/2020,76346,75%,1,0,0,-8.77,1,0,0,0
SKU4,7/26/2020,13391,58%,1,0,0,-9.93,1,0,0,0
SKU4,8/2/2020,25496,65%,1,0,0,-11.65,1,0,0,0
SKU4,8/9/2020,8126,51%,1,0,1,-13.23,1,0,0,0
SKU4,8/16/2020,81301,75%,1,0,1,-20.35,1,0,0,0
SKU4,8/23/2020,21752,66%,1,0,1,-19.41,1,0,0,0
SKU4,8/30/2020,21743,65%,1,0,1,-18.83,1,0,0,0
SKU4,9/6/2020,7557,51%,0,1,0,-16.44,1,0,0,0
SKU4,9/13/2020,23086,65%,1,0,1,-7.28,1,0,0,0
SKU4,9/20/2020,6972,51%,1,0,1,-9.87,1,0,0,0
SKU4,9/27/2020,24960,65%,1,0,1,-7.79,1,0,0,0
SKU4,10/4/2020,22119,65%,0,1,1,-9.73,1,0,0,0
SKU4,10/11/2020,24923,65%,1,0,1,-7.39,1,0,0,0
SKU4,10/18/2020,6619,51%,0,1,0,-7.56,1,0,0,0
SKU4,10/25/2020,22889,65%,1,0,1,-8.39,1,0,0,0
SKU4,11/1/2020,5353,51%,1,0,1,-7.43,1,0,0,0
SKU4,11/8/2020,21558,65%,1,0,0,-5.95,1,0,0,0
SKU4,11/15/2020,5924,51%,0,1,1,-7.2,1,0,0,0
SKU4,11/22/2020,0,75%,1,0,0,-5.96,1,0,0,0
SKU4,11/29/2020,0,60%,0,1,0,-5.3,1,0,0,0
SKU4,12/6/2020,0,61%,1,0,0,-4.38,1,0,0,0
SKU4,12/13/2020,0,60%,0,1,0,-4.74,1,0,0,0
SKU4,12/20/2020,0,62%,0,1,0,-10.27,1,0,0,1
SKU4,12/27/2020,0,62%,1,0,1,-6.95,1,0,0,0
SKU5,2/5/2017,5229,0%,0,0,0,0,0,0,0,0
SKU5,2/12/2017,5748,0%,1,0,0,0,0,1,0,0
SKU5,2/19/2017,20536,38%,0,0,0,0,0,0,0,0
SKU5,2/26/2017,5928,0%,1,0,0,0,0,0,0,0
SKU5,3/5/2017,21787,38%,0,0,0,0,0,0,0,0
SKU5,3/12/2017,5952,0%,0,0,0,0,0,0,0,0
SKU5,3/19/2017,5994,0%,1,0,0,0,0,0,0,0
SKU5,3/26/2017,15317,25%,0,0,0,0,0,0,0,0
SKU5,4/2/2017,6194,0%,0,0,0,0,0,0,0,0
SKU5,4/9/2017,6467,0%,0,0,0,0,0,0,1,0
SKU5,4/16/2017,5740,0%,0,1,1,0,0,0,0,0
SKU5,4/23/2017,42344,50%,1,0,0,0,0,0,0,0
SKU5,4/30/2017,14974,25%,0,0,0,0,0,0,0,0
SKU5,5/7/2017,6174,0%,0,1,1,0,0,0,0,0
SKU5,5/14/2017,45348,50%,1,0,0,0,0,0,0,0
SKU5,5/21/2017,16178,25%,0,0,0,0,0,0,0,0
SKU5,5/28/2017,6856,0%,0,0,0,0,0,0,0,0
SKU5,6/4/2017,6716,0%,1,0,0,0,0,0,0,0
SKU5,6/11/2017,22959,38%,0,0,0,0,0,0,0,0
SKU5,6/18/2017,6927,0%,0,1,0,0,0,0,0,0
SKU5,6/25/2017,25870,38%,0,0,0,0,0,0,0,0
SKU5,7/2/2017,7285,0%,0,1,1,0,0,0,0,0
SKU5,7/9/2017,55905,50%,1,0,0,0,0,0,0,0
SKU5,7/16/2017,17012,25%,0,0,0,0,0,0,0,0
SKU5,7/23/2017,7485,0%,0,0,0,0,0,0,0,0
SKU5,7/30/2017,7519,0%,0,1,0,0,0,0,0,0
SKU5,8/6/2017,25361,38%,0,0,0,0,0,0,0,0
SKU5,8/13/2017,7462,0%,0,1,1,0,0,0,0,0
SKU5,8/20/2017,73114,50%,1,0,0,0,0,0,0,0
SKU5,8/27/2017,16280,25%,0,0,0,0,0,0,0,0
SKU5,9/3/2017,7209,0%,1,0,0,0,0,0,0,0
SKU5,9/10/2017,23030,38%,0,0,0,0,0,0,0,0
SKU5,9/17/2017,7000,3%,0,1,1,0,0,0,0,0
SKU5,9/24/2017,55567,50%,1,0,0,0,0,0,0,0
SKU5,10/1/2017,17914,25%,0,0,0,0,0,0,0,0
SKU5,10/8/2017,6830,0%,0,1,0,0,0,0,0,0
SKU5,10/15/2017,25641,38%,1,0,0,0,0,0,0,0
SKU5,10/22/2017,15565,25%,0,1,0,0,0,0,0,0
SKU5,10/29/2017,24714,38%,0,0,0,0,0,0,0,0
SKU5,11/5/2017,6935,0%,0,1,1,0,0,0,0,0
SKU5,11/12/2017,50485,50%,1,0,0,0,0,0,0,0
SKU5,11/19/2017,13982,25%,0,0,0,0,0,0,0,0
SKU5,11/26/2017,11140,25%,1,0,0,0,0,0,0,0
SKU5,12/3/2017,12363,25%,0,1,0,0,0,0,0,1
SKU5,12/10/2017,17940,38%,1,0,0,0,0,0,0,0
SKU5,12/17/2017,11647,25%,1,0,0,0,0,0,0,0
SKU5,12/24/2017,12059,25%,0,0,0,0,0,0,0,0
SKU5,12/31/2017,4298,0%,1,0,1,0,0,0,0,0
SKU5,1/7/2018,14637,25%,0,0,0,0,0,0,0,0
SKU5,1/14/2018,5294,0%,0,1,0,0,0,0,0,0
SKU5,1/21/2018,51114,50%,1,0,0,0,0,0,0,0
SKU5,1/28/2018,11520,25%,0,0,0,0,0,0,0,0
SKU5,2/4/2018,5389,0%,0,1,0,0,0,0,0,0
SKU5,2/11/2018,20916,43%,0,0,0,0,0,1,0,0
SKU5,2/18/2018,4965,0%,0,0,0,0,0,0,0,0
SKU5,2/25/2018,5256,0%,1,0,0,0,0,0,0,0
SKU5,3/4/2018,18282,38%,0,0,0,0,0,0,0,0
SKU5,3/11/2018,5285,3%,0,0,0,0,0,0,0,0
SKU5,3/18/2018,4832,0%,1,0,0,0,0,0,0,0
SKU5,3/25/2018,12206,25%,0,0,0,0,0,0,0,0
SKU5,4/1/2018,4562,0%,0,0,0,0,0,0,0,0
SKU5,4/8/2018,4226,0%,0,0,0,0,0,0,1,0
SKU5,4/15/2018,4993,0%,0,0,0,0,0,0,0,0
SKU5,4/22/2018,6608,0%,0,1,1,0,0,0,0,0
SKU5,4/29/2018,42963,50%,1,0,0,0,0,0,0,0
SKU5,5/6/2018,13215,25%,1,0,0,0,0,0,0,0
SKU5,5/13/2018,6442,0%,1,0,0,0,0,0,0,0
SKU5,5/20/2018,17038,25%,0,0,0,0,0,0,0,0
SKU5,5/27/2018,6759,0%,0,1,1,0,0,0,0,0
SKU5,6/3/2018,55160,50%,1,0,0,0,0,0,0,0
SKU5,6/10/2018,14319,28%,0,0,0,0,0,0,0,0
SKU5,6/17/2018,6693,0%,0,0,0,0,0,0,0,0
SKU5,6/24/2018,6789,0%,0,1,1,0,0,0,0,0
SKU5,7/1/2018,56275,50%,0,1,0,0,0,0,0,0
SKU5,7/8/2018,43611,50%,1,0,0,0,0,0,0,0
SKU5,7/15/2018,21242,38%,1,0,0,0,0,0,0,0
SKU5,7/22/2018,15810,25%,1,0,0,0,0,0,0,0
SKU5,7/29/2018,22544,38%,1,0,0,0,0,0,0,0
SKU5,8/5/2018,14761,25%,0,0,0,0,0,0,0,0
SKU5,8/12/2018,6716,0%,0,0,0,0,0,0,0,0
SKU5,8/19/2018,7212,0%,0,1,1,0,0,0,0,0
SKU5,8/26/2018,46909,50%,1,0,0,0,0,0,0,0
SKU5,9/2/2018,15599,25%,0,1,1,0,0,0,0,0
SKU5,9/9/2018,45838,50%,1,0,0,0,0,0,0,0
SKU5,9/16/2018,14169,25%,1,0,0,0,0,0,0,0
SKU5,9/23/2018,21634,38%,0,0,0,0,0,0,0,0
SKU5,9/30/2018,6973,0%,0,1,0,0,0,0,0,0
SKU5,10/7/2018,40051,50%,1,0,0,0,0,0,0,0
SKU5,10/14/2018,18984,38%,1,0,0,0,0,0,0,0
SKU5,10/21/2018,24517,38%,1,0,0,0,0,0,0,0
SKU5,10/28/2018,15187,38%,0,0,0,0,0,0,0,0
SKU5,11/4/2018,7449,13%,1,0,0,0,0,0,0,0
SKU5,11/11/2018,18669,38%,0,0,0,0,0,0,0,0
SKU5,11/18/2018,5863,0%,1,0,0,0,0,0,0,0
SKU5,11/25/2018,13225,25%,0,0,0,0,0,0,0,0
SKU5,12/2/2018,6095,0%,0,1,0,0,0,0,0,1
SKU5,12/9/2018,23690,38%,1,0,0,0,0,0,0,0
SKU5,12/16/2018,14226,25%,1,0,0,0,0,0,0,0
SKU5,12/23/2018,14616,25%,1,0,0,0,0,0,0,0
SKU5,12/30/2018,7890,25%,0,0,0,0,0,0,0,0
SKU5,1/6/2019,4889,0%,0,0,0,0,0,0,0,0
SKU5,1/13/2019,4934,0%,1,0,0,0,0,0,0,0
SKU5,1/20/2019,5241,0%,1,0,0,0,0,0,0,0
SKU5,1/27/2019,12323,25%,0,0,0,0,0,0,0,0
SKU5,2/3/2019,5251,3%,1,0,0,0,0,0,0,0
SKU5,2/10/2019,13048,25%,0,0,0,0,0,1,0,0
SKU5,2/17/2019,5421,3%,1,0,1,0,0,0,0,0
SKU5,2/24/2019,16020,38%,0,0,0,0,0,0,0,0
SKU5,3/3/2019,4829,0%,1,0,0,0,0,0,0,0
SKU5,3/10/2019,17449,38%,0,0,0,0,0,0,0,0
SKU5,3/17/2019,5738,0%,1,0,0,0,0,0,0,0
SKU5,3/24/2019,17134,38%,0,0,0,0,0,0,0,0
SKU5,3/31/2019,5365,0%,0,0,0,0,0,0,0,0
SKU5,4/7/2019,5523,0%,1,0,0,0,0,0,1,0
SKU5,4/14/2019,19294,38%,0,0,0,0,0,0,0,0
SKU5,4/21/2019,5007,3%,1,0,0,0,0,0,0,0
SKU5,4/28/2019,15324,38%,0,0,0,0,0,0,0,0
SKU5,5/5/2019,5504,3%,0,1,0,0,0,0,0,0
SKU5,5/12/2019,47061,50%,1,0,0,0,0,0,0,0
SKU5,5/19/2019,14292,25%,0,0,0,0,0,0,0,0
SKU5,5/26/2019,5687,0%,1,0,0,0,0,0,0,0
SKU5,6/2/2019,17663,38%,0,1,1,0,0,0,0,0
SKU5,6/9/2019,57064,50%,1,0,1,0,0,0,0,0
SKU5,6/16/2019,17809,38%,0,0,0,0,0,0,0,0
SKU5,6/23/2019,6203,3%,0,1,0,0,0,0,0,0
SKU5,6/30/2019,61658,50%,0,1,0,0,0,0,0,0
SKU5,7/7/2019,39035,50%,1,0,0,0,0,0,0,0
SKU5,7/14/2019,18790,38%,0,0,0,0,0,0,0,0
SKU5,7/21/2019,6622,0%,1,0,0,0,0,0,0,0
SKU5,7/28/2019,18827,38%,1,0,0,0,0,0,0,0
SKU5,8/4/2019,14597,25%,0,1,1,0,0,0,0,0
SKU5,8/11/2019,63644,50%,1,0,0,0,0,0,0,0
SKU5,8/18/2019,14461,25%,0,0,0,0,0,0,0,0
SKU5,8/25/2019,6393,0%,0,0,0,0,0,0,0,0
SKU5,9/1/2019,6739,0%,0,0,0,0,0,0,0,0
SKU5,9/8/2019,6009,0%,0,1,0,0,0,0,0,0
SKU5,9/15/2019,56807,50%,1,0,0,0,0,0,0,0
SKU5,9/22/2019,24271,38%,1,0,0,0,0,0,0,0
SKU5,9/29/2019,18570,38%,0,0,0,0,0,0,0,0
SKU5,10/6/2019,7913,0%,0,1,1,0,0,0,0,0
SKU5,10/13/2019,57496,50%,0,0,0,0,0,0,0,0
SKU5,10/20/2019,9007,5%,1,0,0,0,0,0,0,0
SKU5,10/27/2019,17524,38%,0,1,1,0,0,0,0,0
SKU5,11/3/2019,20191,38%,1,0,0,0,0,0,0,0
SKU5,11/10/2019,12292,25%,0,0,0,0,0,0,0,0
SKU5,11/17/2019,6453,0%,1,0,0,0,0,0,0,0
SKU5,11/24/2019,13577,25%,0,0,0,0,0,0,0,0
SKU5,12/1/2019,6516,0%,1,0,0,0,0,0,0,1
SKU5,12/8/2019,13941,25%,0,0,0,0,0,0,0,0
SKU5,12/15/2019,6751,0%,1,0,0,0,0,0,0,0
SKU5,12/22/2019,17296,25%,1,0,0,0,0,0,0,0
SKU5,12/29/2019,8011,25%,1,0,0,0,0,0,0,0
SKU5,1/5/2020,5482,5%,0,0,0,0,0,0,0,0
SKU5,1/12/2020,5396,0%,0,0,0,0,0,0,0,0
SKU5,1/19/2020,5579,0%,0,0,0,0,0,0,0,0
SKU5,1/26/2020,6020,0%,1,0,1,0,0,0,0,0
SKU5,2/2/2020,11446,25%,1,0,0,0,0,0,0,0
SKU5,2/9/2020,13686,25%,0,0,0,2.36,1,0,0,0
SKU5,2/16/2020,5999,1%,0,0,0,3.3,1,1,0,0
SKU5,2/23/2020,5666,0%,0,0,0,3.9,1,0,0,0
SKU5,3/1/2020,5719,1%,0,0,0,3.81,1,0,0,0
SKU5,3/8/2020,6201,0%,0,0,0,3.01,1,0,0,0
SKU5,3/15/2020,6808,1%,1,0,0,0.26,1,0,0,0
SKU5,3/22/2020,9327,25%,0,0,0,-15.7,1,0,0,0
SKU5,3/29/2020,8379,1%,1,0,0,-26.63,1,0,0,0
SKU5,4/5/2020,16928,25%,0,1,0,-28.49,1,0,0,0
SKU5,4/12/2020,21732,38%,0,0,0,-27.3,1,0,1,0
SKU5,4/19/2020,7098,3%,0,0,0,-24.28,1,0,0,0
SKU5,4/26/2020,6955,1%,1,0,1,-22.58,1,0,0,0
SKU5,5/3/2020,20491,38%,0,0,0,-18.18,1,0,0,0
SKU5,5/10/2020,8974,2%,0,0,0,-15.91,1,0,0,0
SKU5,5/17/2020,61753,50%,0,0,0,-15.27,1,0,0,0
SKU5,5/24/2020,14153,27%,0,0,0,-13.24,1,0,0,0
SKU5,5/31/2020,14048,26%,0,0,0,-10.86,1,0,0,0
SKU5,6/7/2020,7903,1%,1,0,0,-10.13,1,0,0,0
SKU5,6/14/2020,12949,26%,0,0,0,-8.68,1,0,0,0
SKU5,6/21/2020,7074,1%,1,0,0,-8.57,1,0,0,0
SKU5,6/28/2020,15787,26%,1,0,0,-7.5,1,0,0,0
SKU5,7/5/2020,15044,26%,0,0,0,-8.04,1,0,0,0
SKU5,7/12/2020,8282,1%,0,1,0,-9.36,1,0,0,0
SKU5,7/19/2020,73058,51%,1,0,0,-8.77,1,0,0,0
SKU5,7/26/2020,19258,38%,1,0,0,-9.93,1,0,0,0
SKU5,8/2/2020,34540,50%,0,1,0,-11.65,1,0,0,0
SKU5,8/9/2020,43900,51%,0,0,0,-13.23,1,0,0,0
SKU5,8/16/2020,8048,5%,0,1,1,-20.35,1,0,0,0
SKU5,8/23/2020,40956,50%,0,0,0,-19.41,1,0,0,0
SKU5,8/30/2020,7271,4%,1,0,0,-18.83,1,0,0,0
SKU5,9/6/2020,20715,38%,0,0,0,-16.44,1,0,0,0
SKU5,9/13/2020,6975,2%,0,0,0,-7.28,1,0,0,0
SKU5,9/20/2020,7231,1%,0,0,0,-9.87,1,0,0,0
SKU5,9/27/2020,7236,1%,0,0,0,-7.79,1,0,0,0
SKU5,10/4/2020,7525,1%,0,1,0,-9.73,1,0,0,0
SKU5,10/11/2020,36651,50%,1,0,1,-7.39,1,0,0,0
SKU5,10/18/2020,19436,38%,1,0,0,-7.56,1,0,0,0
SKU5,10/25/2020,19392,38%,0,1,0,-8.39,1,0,0,0
SKU5,11/1/2020,32410,50%,0,0,0,-7.43,1,0,0,0
SKU5,11/8/2020,6887,5%,0,0,0,-5.95,1,0,0,0
SKU5,11/15/2020,6059,1%,1,0,0,-7.2,1,0,0,0
SKU5,11/22/2020,0,38%,1,0,0,-5.96,1,0,0,0
SKU5,11/29/2020,0,28%,0,0,0,-5.3,1,0,0,0
SKU5,12/6/2020,0,27%,1,0,0,-4.38,1,0,0,0
SKU5,12/13/2020,0,25%,1,0,0,-4.74,1,0,0,0
SKU5,12/20/2020,0,21%,1,0,0,-10.27,1,0,0,1
SKU5,12/27/2020,0,23%,0,0,0,-6.95,1,0,0,0
SKU6,2/5/2017,32138,28%,0,0,0,0,0,0,0,0
SKU6,2/12/2017,11659,5%,0,0,0,0,0,1,0,0
SKU6,2/19/2017,12140,5%,1,0,1,0,0,0,0,0
SKU6,2/26/2017,29635,28%,0,0,0,0,0,0,0,0
SKU6,3/5/2017,11666,5%,0,1,1,0,0,0,0,0
SKU6,3/12/2017,118504,53%,1,0,1,0,0,0,0,0
SKU6,3/19/2017,32530,30%,1,0,1,0,0,0,0,0
SKU6,3/26/2017,28821,28%,0,0,0,0,0,0,0,0
SKU6,4/2/2017,11595,5%,0,1,0,0,0,0,0,0
SKU6,4/9/2017,29675,28%,0,0,0,0,0,0,1,0
SKU6,4/16/2017,9508,5%,0,1,0,0,0,0,0,0
SKU6,4/23/2017,21203,28%,0,1,1,0,0,0,0,0
SKU6,4/30/2017,27228,28%,1,0,0,0,0,0,0,0
SKU6,5/7/2017,28788,28%,1,0,1,0,0,0,0,0
SKU6,5/14/2017,29511,28%,0,1,0,0,0,0,0,0
SKU6,5/21/2017,32898,28%,1,0,1,0,0,0,0,0
SKU6,5/28/2017,28847,28%,0,1,1,0,0,0,0,0
SKU6,6/4/2017,142953,53%,1,0,1,0,0,0,0,0
SKU6,6/11/2017,27682,30%,0,0,0,0,0,0,0,0
SKU6,6/18/2017,12779,5%,1,0,1,0,0,0,0,0
SKU6,6/25/2017,31805,28%,0,1,1,0,0,0,0,0
SKU6,7/2/2017,131072,53%,1,0,1,0,0,0,0,0
SKU6,7/9/2017,29081,28%,0,1,1,0,0,0,0,0
SKU6,7/16/2017,37630,28%,1,0,1,0,0,0,0,0
SKU6,7/23/2017,30212,28%,1,0,1,0,0,0,0,0
SKU6,7/30/2017,33159,28%,0,1,1,0,0,0,0,0
SKU6,8/6/2017,118276,53%,1,0,1,0,0,0,0,0
SKU6,8/13/2017,33809,28%,0,1,1,0,0,0,0,0
SKU6,8/20/2017,47551,38%,1,0,1,0,0,0,0,0
SKU6,8/27/2017,33724,28%,0,0,0,0,0,0,0,0
SKU6,9/3/2017,15134,5%,0,0,0,0,0,0,0,0
SKU6,9/10/2017,14540,5%,1,0,0,0,0,0,0,0
SKU6,9/17/2017,36254,28%,0,1,1,0,0,0,0,0
SKU6,9/24/2017,129254,53%,0,0,0,0,0,0,0,0
SKU6,10/1/2017,14692,9%,1,0,0,0,0,0,0,0
SKU6,10/8/2017,44595,38%,1,0,0,0,0,0,0,0
SKU6,10/15/2017,42541,28%,0,1,1,0,0,0,0,0
SKU6,10/22/2017,154098,53%,0,1,1,0,0,0,0,0
SKU6,10/29/2017,241114,53%,1,0,0,0,0,0,0,0
SKU6,11/5/2017,34976,28%,1,0,1,0,0,0,0,0
SKU6,11/12/2017,42047,38%,1,0,1,0,0,0,0,0
SKU6,11/19/2017,32668,28%,0,1,0,0,0,0,0,0
SKU6,11/26/2017,44779,38%,1,0,1,0,0,0,0,0
SKU6,12/3/2017,42982,38%,1,0,0,0,0,0,0,1
SKU6,12/10/2017,41175,28%,0,0,0,0,0,0,0,0
SKU6,12/17/2017,14744,7%,0,0,0,0,0,0,0,0
SKU6,12/24/2017,13862,5%,1,0,1,0,0,0,0,0
SKU6,12/31/2017,19735,28%,0,0,0,0,0,0,0,0
SKU6,1/7/2018,9047,7%,0,1,0,0,0,0,0,0
SKU6,1/14/2018,38639,38%,0,0,0,0,0,0,0,0
SKU6,1/21/2018,10629,7%,1,0,1,0,0,0,0,0
SKU6,1/28/2018,41994,38%,0,0,0,0,0,0,0,0
SKU6,2/4/2018,12099,7%,1,0,1,0,0,0,0,0
SKU6,2/11/2018,38384,38%,0,0,0,0,0,1,0,0
SKU6,2/18/2018,11298,5%,0,0,0,0,0,0,0,0
SKU6,2/25/2018,12358,5%,1,0,1,0,0,0,0,0
SKU6,3/4/2018,35011,38%,0,1,1,0,0,0,0,0
SKU6,3/11/2018,110490,53%,1,0,1,0,0,0,0,0
SKU6,3/18/2018,34761,38%,0,0,0,0,0,0,0,0
SKU6,3/25/2018,11969,5%,1,0,1,0,0,0,0,0
SKU6,4/1/2018,26184,38%,0,0,0,0,0,0,0,0
SKU6,4/8/2018,8121,5%,1,0,1,0,0,0,1,0
SKU6,4/15/2018,31617,38%,0,0,0,0,0,0,0,0
SKU6,4/22/2018,11202,5%,1,0,1,0,0,0,0,0
SKU6,4/29/2018,32640,38%,1,0,0,0,0,0,0,0
SKU6,5/6/2018,11884,7%,1,0,0,0,0,0,0,0
SKU6,5/13/2018,12072,5%,0,1,0,0,0,0,0,0
SKU6,5/20/2018,43299,38%,1,0,0,0,0,0,0,0
SKU6,5/27/2018,44324,38%,0,1,1,0,0,0,0,0
SKU6,6/3/2018,128647,53%,1,0,0,0,0,0,0,0
SKU6,6/10/2018,34861,30%,1,0,0,0,0,0,0,0
SKU6,6/17/2018,38287,38%,0,0,0,0,0,0,0,0
SKU6,6/24/2018,14182,7%,1,0,0,0,0,0,0,0
SKU6,7/1/2018,45147,38%,0,0,0,0,0,0,0,0
SKU6,7/8/2018,14632,5%,0,1,1,0,0,0,0,0
SKU6,7/15/2018,107913,53%,1,0,1,0,0,0,0,0
SKU6,7/22/2018,31895,30%,1,0,1,0,0,0,0,0
SKU6,7/29/2018,39265,38%,0,0,0,0,0,0,0,0
SKU6,8/5/2018,15446,5%,0,1,0,0,0,0,0,0
SKU6,8/12/2018,46285,38%,0,0,0,0,0,0,0,0
SKU6,8/19/2018,15026,5%,1,0,1,0,0,0,0,0
SKU6,8/26/2018,41251,38%,0,0,0,0,0,0,0,0
SKU6,9/2/2018,13210,5%,0,1,0,0,0,0,0,0
SKU6,9/9/2018,41151,38%,0,0,0,0,0,0,0,0
SKU6,9/16/2018,14818,7%,0,1,1,0,0,0,0,0
SKU6,9/23/2018,127468,53%,1,0,1,0,0,0,0,0
SKU6,9/30/2018,27569,30%,1,0,0,0,0,0,0,0
SKU6,10/7/2018,51275,38%,1,0,0,0,0,0,0,0
SKU6,10/14/2018,44702,28%,0,1,0,0,0,0,0,0
SKU6,10/21/2018,140995,53%,1,0,0,0,0,0,0,0
SKU6,10/28/2018,181833,53%,1,0,1,0,0,0,0,0
SKU6,11/4/2018,105995,48%,1,0,1,0,0,0,0,0
SKU6,11/11/2018,25456,28%,0,1,0,0,0,0,0,0
SKU6,11/18/2018,40660,38%,1,0,1,0,0,0,0,0
SKU6,11/25/2018,25478,28%,0,1,1,0,0,0,0,0
SKU6,12/2/2018,39116,38%,0,0,0,0,0,0,0,1
SKU6,12/9/2018,12783,7%,0,1,0,0,0,0,0,0
SKU6,12/16/2018,38557,38%,0,1,0,0,0,0,0,0
SKU6,12/23/2018,33821,38%,0,1,0,0,0,0,0,0
SKU6,12/30/2018,7158,13%,0,0,0,0,0,0,0,0
SKU6,1/6/2019,7148,7%,0,1,1,0,0,0,0,0
SKU6,1/13/2019,26272,38%,0,0,0,0,0,0,0,0
SKU6,1/20/2019,8741,7%,0,1,0,0,0,0,0,0
SKU6,1/27/2019,32245,38%,0,0,0,0,0,0,0,0
SKU6,2/3/2019,10101,7%,0,1,0,0,0,0,0,0
SKU6,2/10/2019,37295,38%,0,0,0,0,0,1,0,0
SKU6,2/17/2019,11422,7%,1,0,1,0,0,0,0,0
SKU6,2/24/2019,20031,28%,0,0,0,0,0,0,0,0
SKU6,3/3/2019,9715,5%,1,0,1,0,0,0,0,0
SKU6,3/10/2019,21482,28%,0,0,0,0,0,0,0,0
SKU6,3/17/2019,10329,5%,0,1,1,0,0,0,0,0
SKU6,3/24/2019,112451,53%,1,0,1,0,0,0,0,0
SKU6,3/31/2019,23003,30%,1,0,0,0,0,0,0,0
SKU6,4/7/2019,33932,38%,0,0,0,0,0,0,1,0
SKU6,4/14/2019,8850,7%,1,0,1,0,0,0,0,0
SKU6,4/21/2019,19724,38%,0,0,0,0,0,0,0,0
SKU6,4/28/2019,6545,7%,1,0,1,0,0,0,0,0
SKU6,5/5/2019,21279,38%,0,0,0,0,0,0,0,0
SKU6,5/12/2019,9373,5%,0,1,1,0,0,0,0,0
SKU6,5/19/2019,86119,53%,1,0,1,0,0,0,0,0
SKU6,5/26/2019,27378,40%,0,1,1,0,0,0,0,0
SKU6,6/2/2019,34735,38%,0,0,0,0,0,0,0,0
SKU6,6/9/2019,10571,7%,1,0,1,0,0,0,0,0
SKU6,6/16/2019,26709,38%,1,0,1,0,0,0,0,0
SKU6,6/23/2019,24578,28%,0,1,0,0,0,0,0,0
SKU6,6/30/2019,38589,38%,0,0,0,0,0,0,0,0
SKU6,7/7/2019,11271,7%,0,1,0,0,0,0,0,0
SKU6,7/14/2019,103831,53%,1,0,1,0,0,0,0,0
SKU6,7/21/2019,26567,30%,0,1,0,0,0,0,0,0
SKU6,7/28/2019,37663,38%,1,0,0,0,0,0,0,0
SKU6,8/4/2019,13397,5%,0,1,1,0,0,0,0,0
SKU6,8/11/2019,40295,38%,1,0,0,0,0,0,0,0
SKU6,8/18/2019,13056,5%,1,0,0,0,0,0,0,0
SKU6,8/25/2019,36294,38%,0,0,0,0,0,0,0,0
SKU6,9/1/2019,12320,7%,0,1,0,0,0,0,0,0
SKU6,9/8/2019,42182,38%,0,0,0,0,0,0,0,0
SKU6,9/15/2019,12848,7%,0,1,1,0,0,0,0,0
SKU6,9/22/2019,103617,53%,1,0,1,0,0,0,0,0
SKU6,9/29/2019,23973,30%,0,1,0,0,0,0,0,0
SKU6,10/6/2019,39082,38%,1,0,0,0,0,0,0,0
SKU6,10/13/2019,50881,38%,0,1,0,0,0,0,0,0
SKU6,10/20/2019,138789,53%,0,1,0,0,0,0,0,0
SKU6,10/27/2019,143887,53%,0,1,1,0,0,0,0,0
SKU6,11/3/2019,163536,53%,1,0,1,0,0,0,0,0
SKU6,11/10/2019,29842,28%,1,0,1,0,0,0,0,0
SKU6,11/17/2019,36323,38%,0,0,0,0,0,0,0,0
SKU6,11/24/2019,26587,28%,0,1,0,0,0,0,0,0
SKU6,12/1/2019,40726,38%,0,0,0,0,0,0,0,1
SKU6,12/8/2019,13056,7%,0,0,0,0,0,0,0,0
SKU6,12/15/2019,14398,5%,0,0,0,0,0,0,0,0
SKU6,12/22/2019,16213,5%,0,0,0,0,0,0,0,0
SKU6,12/29/2019,6067,5%,0,0,0,0,0,0,0,0
SKU6,1/5/2020,7314,53%,1,0,1,0,0,0,0,0
SKU6,1/12/2020,27657,69%,0,0,0,0,0,0,0,0
SKU6,1/19/2020,9984,53%,1,0,1,0,0,0,0,0
SKU6,1/26/2020,30336,69%,0,0,0,0,0,0,0,0
SKU6,2/2/2020,9831,54%,1,0,1,0,0,0,0,0
SKU6,2/9/2020,32102,69%,1,0,0,2.36,1,0,0,0
SKU6,2/16/2020,10955,53%,1,0,1,3.3,1,1,0,0
SKU6,2/23/2020,24330,69%,0,0,0,3.9,1,0,0,0
SKU6,3/1/2020,9934,53%,1,0,1,3.81,1,0,0,0
SKU6,3/8/2020,24731,69%,0,0,0,3.01,1,0,0,0
SKU6,3/15/2020,11742,53%,1,0,0,0.26,1,0,0,0
SKU6,3/22/2020,20879,69%,0,0,0,-15.7,1,0,0,0
SKU6,3/29/2020,11874,53%,0,0,0,-26.63,1,0,0,0
SKU6,4/5/2020,9705,53%,0,0,0,-28.49,1,0,0,0
SKU6,4/12/2020,6756,53%,1,0,0,-27.3,1,0,1,0
SKU6,4/19/2020,16926,64%,0,0,0,-24.28,1,0,0,0
SKU6,4/26/2020,7726,53%,0,0,0,-22.58,1,0,0,0
SKU6,5/3/2020,8302,50%,0,0,0,-18.18,1,0,0,0
SKU6,5/10/2020,7924,0%,0,0,0,-15.91,1,0,0,0
SKU6,5/17/2020,63725,49%,0,0,0,-15.27,1,0,0,0
SKU6,5/24/2020,23969,65%,0,0,0,-13.24,1,0,0,0
SKU6,5/31/2020,29202,64%,0,0,0,-10.86,1,0,0,0
SKU6,6/7/2020,11104,2%,1,0,1,-10.13,1,0,0,0
SKU6,6/14/2020,24753,30%,0,0,0,-8.68,1,0,0,0
SKU6,6/21/2020,11518,13%,1,0,1,-8.57,1,0,0,0
SKU6,6/28/2020,29560,33%,0,0,0,-7.5,1,0,0,0
SKU6,7/5/2020,12577,21%,1,0,1,-8.04,1,0,0,0
SKU6,7/12/2020,27671,42%,0,0,0,-9.36,1,0,0,0
SKU6,7/19/2020,8670,29%,1,0,0,-8.77,1,0,0,0
SKU6,7/26/2020,24698,44%,1,0,1,-9.93,1,0,0,0
SKU6,8/2/2020,69799,55%,1,0,1,-11.65,1,0,0,0
SKU6,8/9/2020,26276,44%,0,0,0,-13.23,1,0,0,0
SKU6,8/16/2020,7722,29%,1,0,1,-20.35,1,0,0,0
SKU6,8/23/2020,16009,45%,0,0,0,-19.41,1,0,0,0
SKU6,8/30/2020,8158,29%,0,1,0,-18.83,1,0,0,0
SKU6,9/6/2020,29805,44%,0,0,0,-16.44,1,0,0,0
SKU6,9/13/2020,8164,29%,0,1,1,-7.28,1,0,0,0
SKU6,9/20/2020,80769,54%,1,0,1,-9.87,1,0,0,0
SKU6,9/27/2020,21692,44%,1,0,1,-7.79,1,0,0,0
SKU6,10/4/2020,23072,44%,1,0,1,-9.73,1,0,0,0
SKU6,10/11/2020,42044,44%,0,1,0,-7.39,1,0,0,0
SKU6,10/18/2020,96619,54%,0,1,0,-7.56,1,0,0,0
SKU6,10/25/2020,115798,52%,0,1,0,-8.39,1,0,0,0
SKU6,11/1/2020,152186,54%,1,0,1,-7.43,1,0,0,0
SKU6,11/8/2020,26445,44%,1,0,1,-5.95,1,0,0,0
SKU6,11/15/2020,26414,44%,0,0,0,-7.2,1,0,0,0
